<?xml version="1.0" encoding="UTF-8"?><collection xmlns="http://www.loc.gov/MARC21/slim"><record><leader>00323nam--2200133-i-4500</leader><controlfield tag="001">000048748</controlfield><controlfield tag="002">20161230</controlfield><controlfield tag="005">20161230201047</controlfield><controlfield tag="008">060222s1000------------r-----000-0-eng-d</controlfield><datafield ind1=" " ind2=" " tag="080"><subfield code="a">517.58(083.3)</subfield></datafield><datafield ind1=" " ind2=" " tag="100"><subfield code="a">Agrest,M.M</subfield></datafield><datafield ind1=" " ind2=" " tag="245"><subfield code="a">Tablicy funkcii strube i integralov ot nih</subfield></datafield><datafield ind1=" " ind2=" " tag="260"><subfield code="a">Moskva, 1962. 336 S</subfield></datafield><datafield ind1=" " ind2=" " tag="852"><subfield code="a">70930</subfield></datafield></record></collection>